@article{Pawlak1982Rough,
  title={Rough sets},
  author={Pawlak, Zdzis≈Çaw},
  journal={International Journal of Computer and Information Sciences},
  volume={11},
  number={5},
  pages={341-356},
  year={1982},
}